<collection xmlns="http://www.loc.gov/MARC21/slim"><record><leader>00845nam  2200241   450</leader><controlfield tag="001">330</controlfield><controlfield tag="003">http://montalegre.opacnet.com/OPAC/default.aspx?ContentAreaControl=ShowRegHoldings.ascx&amp;RegNo=16662</controlfield><datafield tag="095" ind1=" " ind2=" "><subfield code="a">PTBN00039329</subfield></datafield><datafield tag="100" ind1=" " ind2=" "><subfield code="a">19981113d1986    m  y0pora010305  ba</subfield></datafield><datafield tag="101" ind1="1" ind2=" "><subfield code="a">por</subfield><subfield code="c">eng</subfield></datafield><datafield tag="102" ind1=" " ind2=" "><subfield code="a">PT</subfield></datafield><datafield tag="200" ind1="1" ind2=" "><subfield code="a">&lt;O &gt;grande Gatsby</subfield><subfield code="f">F. Scott Fitzgerald</subfield><subfield code="g">pref. e trad. José Rodrigues Miguéis</subfield></datafield><datafield tag="205" ind1=" " ind2=" "><subfield code="a">2ª ed</subfield></datafield><datafield tag="210" ind1=" " ind2=" "><subfield code="a">Lisboa</subfield><subfield code="c">Presença</subfield><subfield code="d">1986</subfield></datafield><datafield tag="215" ind1=" " ind2=" "><subfield code="a">172 p.</subfield><subfield code="d">23 cm</subfield></datafield><datafield tag="225" ind1="2" ind2=" "><subfield code="a">Novos horizontes</subfield><subfield code="v">14, 540</subfield></datafield><datafield tag="675" ind1=" " ind2=" "><subfield code="a">821</subfield><subfield code="v">BN</subfield><subfield code="z">por</subfield></datafield><datafield tag="700" ind1=" " ind2="1"><subfield code="a">Fitzgerald</subfield><subfield code="b">F. Scott</subfield><subfield code="f">1896-1940</subfield></datafield><datafield tag="702" ind1=" " ind2="1"><subfield code="a">Miguéis</subfield><subfield code="b">José Rodrigues</subfield><subfield code="f">1901-1980</subfield><subfield code="4">730</subfield></datafield><datafield tag="801" ind1=" " ind2="0"><subfield code="a">PT</subfield><subfield code="b">Biblioteca Municipal de Montalegre</subfield><subfield code="g">RPC</subfield></datafield><datafield tag="856" ind1=" " ind2=" "><subfield code="u">locateMedia.asp?cod=20060511152625&amp;ext=jpg</subfield><subfield code="z">CAPA</subfield></datafield><datafield tag="856" ind1=" " ind2=" "><subfield code="u">locateMedia.asp?cod=20060511163608&amp;ext=jpg</subfield><subfield code="z">CAPA</subfield></datafield><datafield tag="909" ind1="&#9;" ind2=" "><subfield code="a">2</subfield></datafield><datafield tag="966" ind1=" " ind2=" "><subfield code="a">0008627</subfield><subfield code="l">BMM</subfield><subfield code="s">SCG 821 FIT gra 14</subfield></datafield><datafield tag="966" ind1=" " ind2=" "><subfield code="a">0005318</subfield><subfield code="l">BMM</subfield><subfield code="s">SCG 821 FIT gra 540</subfield></datafield></record></collection>